@article{article,
author = {Arefin, Ahmed Shamsul and Riveros, Carlos and Berretta, Regina and Moscato, Pablo},
year = {2012},
month = {08},
pages = {e44000},
title = {GPU-FS-kNN: a software tool for fast and scalable kNN computation using GPUs},
volume = {7},
journal = {PloS one},
doi = {10.1371/journal.pone.0044000}
}

@online{intel2020quicksort,
  author   = {{Intel Corporation}},
  title    = {An Efficient Parallel Three-Way Quicksort Using Intel {C}{+}{+} Compiler And {OpenMP} 4.5 Library},
  date     = {2020-03-11},
  url      = {https://www.intel.com/content/www/us/en/developer/articles/technical/an-efficient-parallel-three-way-quicksort-using-intel-c-compiler-and-openmp-45-library.html},
  urldate  = {2025-05-05},
}

@online{techpowerup2025rtx4080,
  author   = {{TechPowerUp}},
  title    = {GeForce RTX 4080 GPU Specifications},
  url      = {https://www.techpowerup.com/gpu-specs/geforce-rtx-4080.c3888},
  urldate  = {2025-05-05},
}


@online{nvidia2025ada,
  author   = {{NVIDIA Corporation}},
  title    = {NVIDIA Ada GPU Architecture Tuning Guide},
  date     = {2025-05-01},
  version  = {12.9},
  url      = {https://docs.nvidia.com/cuda/ada-tuning-guide/index.html},
  urldate  = {2025-05-05},
}
